// --------------- Thesis ---------------

@thesis{bachelor-thesis,
  author = {Kunz, Adrian},
  year = 2020,
  type = {Bachelorarbeit},
  institution = {Universität Kassel},
  title = {{Natural Language Pattern Matching for Natural Language Object Scenarios}},
  url = {https://github.com/Clashsoft/Bachelor-Thesis},
}

// --------------- Papers ---------------

@inproceedings{explain,
  added-at = {2019-12-19T16:08:26.000+0100},
  author = {Zuendorf, Albert and Copei, Sebastian and Diethelm, Ira and Draude, Claude and Kunz, Adrian and Norbisrath, Ulrich},
  biburl = {https://www.bibsonomy.org/bibtex/2f8b73d1b0cad6aaf720d761bff10cf87/godaklumbyte},
  eventdate = {11-15 November 2019},
  eventtitle = {workshop “EXPLAIN”},
  interhash = {40bd124954a5981f870f8117caf2a69e},
  intrahash = {f8b73d1b0cad6aaf720d761bff10cf87},
  keywords = {businessinformatics gedispub itegpub softwareengineering},
  timestamp = {2019-12-19T16:08:26.000+0100},
  title = {Explaining Business Process Software with Fulib-Scenarios},
  venue = {San Diego, USA},
  volume = {Workshop proceedings of the 34th IEEE/ACM International Conference on Automated Software Engineering (ASE 2019)},
  year = 2019
}

@inproceedings{pieterse-2013,
author = {Pieterse, Vreda},
year = {2013},
month = {04},
pages = {45-56},
title = {Automated Assessment of Programming Assignments}
}

@article{hollingsworth-1960,
author = {Hollingsworth, Jack},
year = {1960},
month = {10},
pages = {528-529},
title = {Automatic graders for programming classes},
volume = {3},
journal = {Communications of the ACM},
doi = {10.1145/367415.367422}
}

@article{ala-mutka-2005,
author = {Ala-Mutka, Kirsti},
year = {2005},
month = {06},
pages = {83-102},
title = {A Survey of Automated Assessment Approaches for Programming Assignments},
volume = {15},
journal = {Computer Science Education},
doi = {10.1080/08993400500150747}
}

@article{enstroem-et-al-2011,
author = {Enström, Emma and Kreitz, Gunnar and Niemelä, Fredrik and Söderman, Pehr and Kann, Viggo},
year = {2011},
month = {10},
title = {Five years with kattis — Using an automated assessment system in teaching},
journal = {Proceedings - Frontiers in Education Conference},
doi = {10.1109/FIE.2011.6142931}
}

@article{vander-zanden-2012,
author = {Vander Zanden, Brad and Anderson, David and Taylor, Curtis and Davis, Will and Berry, Michael},
year = {2012},
month = {12},
pages = {73-80},
title = {Codeassessor: an interactive, web-based tool for introductory programming},
volume = {28},
journal = {Journal of Computing Sciences in Colleges}
}

@article{aiken-2002,
author = {Aiken, Alex},
year = {2002},
month = {01},
title = {MOSS, A System for Detecting Software Plagiarism}
}

@article{prechelt-2003,
author = {Prechelt, Lutz and Malpohl, Guido},
year = {2003},
month = {03},
title = {Finding Plagiarisms among a Set of Programs with JPlag},
volume = {8},
journal = {Journal of Universal Computer Science}
}

// --------------- Links ---------------

@online{vsc-first-extension,
  author = {{Microsoft}},
  title = {Your First Extension},
  date = {2021-12-08},
  url = {https://code.visualstudio.com/api/get-started/your-first-extension},
  urldate = {2022-01-20},
}

@online{why-lsp,
  author = {{Microsoft}},
  title = {Why Language Server?},
  date = {2021-12-08},
  url = {https://code.visualstudio.com/api/language-extensions/language-server-extension-guide%5C#why-language-server},
  urldate = {2022-01-20},
}

@online{vsc-language-server-guide,
  author = {{Microsoft}},
  title = {Language Server Extension Guide},
  date = {2021-12-08},
  url = {https://code.visualstudio.com/api/language-extensions/language-server-extension-guide},
  urldate = {2022-01-20},
}

@online{lsp-overview,
  author = {{Microsoft}},
  title = {What is the Language Server Protocol?},
  date = {2021},
  url = {https://microsoft.github.io/language-server-protocol/overviews/lsp/overview/},
  urldate = {2022-01-20},
}

@online{lsp-spec,
  author = {{Microsoft}},
  title = {Language Server Protocol Specification},
  date = {2021},
  version = {3.17},
  url = {https://microsoft.github.io/language-server-protocol/specifications/specification-3-17/},
  urldate = {2022-01-20},
}

@online{elastic-and-lucene,
  author = {Alveiro Garcia},
  title = {Elasticsearch and Apache Lucene: Fundamentals behind the Relevance Score},
  date = {2021-06-08},
  url = {https://www.endava.com/en/blog/Engineering/2021/Elasticsearch-and-apache-lucene-fundamentals-behind-the-relevance-score},
  urldate = {2022-01-20},
}

@online{elastic-analysis-overview,
  author = {{Elasticsearch}},
  title = {Text analysis overview},
  date = {2022},
  url = {https://www.elastic.co/guide/en/elasticsearch/reference/current/analysis-overview.html},
  urldate = {2022-01-20},
}

@online{elastic-custom-analyser,
  author = {{Elasticsearch}},
  title = {Create a custom analyzer},
  date = {2022},
  url = {https://www.elastic.co/guide/en/elasticsearch/reference/current/analysis-custom-analyzer.html},
  urldate = {2022-01-20},
}

@online{elastic-index-search-time,
  author = {{Elasticsearch}},
  title = {Index and search analysis},
  date = {2022},
  url = {https://www.elastic.co/guide/en/elasticsearch/reference/current/analysis-index-search-time.html},
  urldate = {2022-01-20},
}

@online{elastic-query-dsl,
  author = {{Elasticsearch}},
  title = {Query DSL},
  date = {2022},
  url = {https://www.elastic.co/guide/en/elasticsearch/reference/current/query-dsl.html},
  urldate = {2022-01-20},
}

@online{elastic-bool-query,
  author = {{Elasticsearch}},
  title = {Boolean query},
  date = {2022},
  url = {https://www.elastic.co/guide/en/elasticsearch/reference/current/query-dsl-bool-query.html},
  urldate = {2022-01-20},
}

@online{elastic-search-data,
  author = {{Elasticsearch}},
  title = {Search your data},
  date = {2022},
  url = {https://www.elastic.co/guide/en/elasticsearch/reference/current/search-your-data.html},
  urldate = {2022-01-20},
}

@online{elastic-highlighting,
  author = {{Elasticsearch}},
  title = {Highlighting},
  date = {2022},
  url = {https://www.elastic.co/guide/en/elasticsearch/reference/current/highlighting.html},
  urldate = {2022-01-20},
}
